<?xml version="1.0" encoding="UTF-8"?><record xmlns="http://www.loc.gov/MARC21/slim" xmlns:cinclude="http://apache.org/cocoon/include/1.0" xmlns:zs="http://www.loc.gov/zing/srw/">
  <leader>00453nz  a2200133n  4500</leader>
  <controlfield tag="001">nr 95036981 </controlfield>
  <controlfield tag="003">DLC</controlfield>
  <controlfield tag="005">19960131052734.3</controlfield>
  <controlfield tag="008">951006n| acannaab|          |a ana     c</controlfield>
  <datafield tag="010" ind1=" " ind2=" ">
    <subfield code="a">nr 95036981 </subfield>
  </datafield>
  <datafield tag="040" ind1=" " ind2=" ">
    <subfield code="a">UPB</subfield>
    <subfield code="c">UPB</subfield>
  </datafield>
  <datafield tag="110" ind1="2" ind2="0">
    <subfield code="a">Utah Sand &amp; Gravel Products Corp.</subfield>
  </datafield>
  <datafield tag="410" ind1="2" ind2="0">
    <subfield code="a">Utah Sand and Gravel Products Corp.</subfield>
  </datafield>
  <datafield tag="670" ind1=" " ind2=" ">
    <subfield code="a">History of Utah Sand and Gravel Products Corporation, 1958:</subfield>
    <subfield code="b">t.p. verso (Utah Sand &amp; Gravel Products Corp. [official company logo])</subfield>
  </datafield>
</record>